@preamble{{\providecommand*\hyphen{-}}}

@comment{
  Neural Networkを用いたStyle Transferに関する研究
}

@inproceedings{Gatys_2016_CVPR,
  author    = {Gatys, Leon A. and Ecker, Alexander S. and Bethge, Matthias},
  title     = {Image Style Transfer Using Convolutional Neural Networks},
  booktitle = {Proceedings of the IEEE Conference on Computer Vision and Pattern Recognition (CVPR)},
  month     = {June},
  year      = {2016}
}

@comment{
  文字の効果や装飾のStyle Transferに関する研究
}

@inproceedings{Yang_2017_CVPR,
  author    = {Yang, Shuai and Liu, Jiaying and Lian, Zhouhui and Guo, Zongming},
  title     = {Awesome Typography: Statistics-Based Text Effects Transfer},
  booktitle = {Proceedings of the IEEE Conference on Computer Vision and Pattern Recognition (CVPR)},
  month     = {July},
  year      = {2017}
}

@inproceedings{Yang2019Controllable,
  title     = {Controllable Artistic Text Style Transfer via Shape-Matching GAN},
  author    = {Yang, Shuai and Wang, Zhangyang and Wang, Zhaowen and Xu, Ning
               and Liu, Jiaying and Guo, Zongming},
  booktitle = {International Conference on Computer Vision},
  year      = {2019}
}

@inproceedings{typography2019,
  author    = {Wang, Wenjing and Liu, Jiaying and Yang, Shuai and Guo, Zongming},
  title     = {Typography with Decor: Intelligent Text Style Transfer},
  booktitle = {The IEEE Conference on Computer Vision and Pattern Recognition (CVPR)},
  month     = {June},
  year      = {2019}
}

@inproceedings{Yang2019TETGAN,
  title     = {TET-GAN: Text Effects Transfer via Stylization and Destylization},
  author    = {Yang, Shuai and Liu, Jiaying and Wang, Wenjing and Guo, Zongming},
  booktitle = {AAAI Conference on Artificial Intelligence},
  year      = {2019}
}

@comment{
  Style Transferをロゴに応用した研究
}

@conference{icpram20,
  author       = {Aram Ter{-}Sarkisov.},
  title        = {Network of Steel: Neural Font Style Transfer from Heavy Metal to Corporate Logos},
  booktitle    = {Proceedings of the 9th International Conference on Pattern Recognition Applications and Methods - ICPRAM,},
  year         = {2020},
  pages        = {621-629},
  publisher    = {SciTePress},
  organization = {INSTICC},
  doi          = {10.5220/0009343906210629},
  isbn         = {978-989-758-397-1},
  issn         = {2184-4313}
}

@phdthesis{oai:irdb.nii.ac.jp:01211:0005350653,
  author = {アタルサイハン, ガントゥグス},
  title  = {Typographic Design Generation Using Neural Style Transfer},
  school = {九州大学},
  year   = {2022},
  url    = {https://irdb.nii.ac.jp/01211/0005350653}
}