@preamble{{\providecommand*\hyphen{-}}}

@inproceedings{typography2019,
  author    = {Wang, Wenjing and Liu, Jiaying and Yang, Shuai and Guo, Zongming},
  title     = {Typography with Decor: Intelligent Text Style Transfer},
  booktitle = {The IEEE Conference on Computer Vision and Pattern Recognition (CVPR)},
  month     = {June},
  year      = {2019}
}